<?xml version='1.0' encoding='UTF-8'?>
<collection xmlns="http://www.loc.gov/MARC21/slim"><record>
    <leader>00000nam a2200000 i 4500</leader>
    <controlfield tag="001">NN039932</controlfield>
    <controlfield tag="005">20210421220047.0</controlfield>
    <controlfield tag="007">tu</controlfield>
    <controlfield tag="008">211014s2021    gw ||||| |||| 00||||turo </controlfield>
    <datafield tag="015" ind1=" " ind2=" ">
      <subfield code="a">21,A16</subfield>
      <subfield code="z">20,N44</subfield>
      <subfield code="2">dnb</subfield>
    </datafield>
    <datafield tag="016" ind1="7" ind2=" ">
      <subfield code="a">1220171093</subfield>
      <subfield code="2">DE-101</subfield>
    </datafield>
    <datafield tag="020" ind1=" " ind2=" ">
      <subfield code="a">9783197596006</subfield>
    </datafield>
    <datafield tag="039" ind1=" " ind2=" ">
      <subfield code="b">II</subfield>
      <subfield code="b">alcoda</subfield>
      <subfield code="b">II</subfield>
      <subfield code="b">alcoda</subfield>
    </datafield>
    <datafield tag="040" ind1=" " ind2=" ">
      <subfield code="a">1245</subfield>
      <subfield code="b">ger</subfield>
      <subfield code="c">DE-101</subfield>
      <subfield code="d">9999</subfield>
      <subfield code="d">Bibliomedia Solothurn (CH-001273-X)</subfield>
      <subfield code="e">rda</subfield>
    </datafield>
    <datafield tag="041" ind1=" " ind2=" ">
      <subfield code="a">tur</subfield>
      <subfield code="a">ger</subfield>
      <subfield code="h">ger</subfield>
    </datafield>
    <datafield tag="044" ind1=" " ind2=" ">
      <subfield code="c">XA-DE-BY</subfield>
    </datafield>
    <datafield tag="100" ind1="1" ind2=" ">
      <subfield code="a">Böse, Susanne</subfield>
      <subfield code="d">197X-</subfield>
      <subfield code="e">(Verfasser)</subfield>
      <subfield code="4">aut</subfield>
      <subfield code="0">(DE-588)1198707739</subfield>
      <subfield code="2">gnd</subfield>
    </datafield>
    <datafield tag="245" ind1="1" ind2="0">
      <subfield code="a">Diş doktorunda =</subfield>
      <subfield code="b">Beim Zahnarzt /</subfield>
      <subfield code="c">Susanne Böse, Evelyn Faulhaber</subfield>
    </datafield>
    <datafield tag="246" ind1="3" ind2="1">
      <subfield code="a">Beim Zahnarzt</subfield>
    </datafield>
    <datafield tag="264" ind1=" " ind2="1">
      <subfield code="a">München :</subfield>
      <subfield code="b">Edition bi:libri,</subfield>
      <subfield code="c">[2021]</subfield>
    </datafield>
    <datafield tag="300" ind1=" " ind2=" ">
      <subfield code="a">16 ungezählte Seiten :</subfield>
      <subfield code="b">Ill. ;</subfield>
      <subfield code="c">20 cm, 54 g</subfield>
    </datafield>
    <datafield tag="336" ind1=" " ind2=" ">
      <subfield code="a">Text</subfield>
      <subfield code="b">txt</subfield>
      <subfield code="2">rdacontent</subfield>
    </datafield>
    <datafield tag="336" ind1=" " ind2=" ">
      <subfield code="a">unbewegtes Bild</subfield>
      <subfield code="b">sti</subfield>
      <subfield code="2">rdacontent</subfield>
    </datafield>
    <datafield tag="337" ind1=" " ind2=" ">
      <subfield code="a">ohne Hilfsmittel zu benutzen</subfield>
      <subfield code="b">n</subfield>
      <subfield code="2">rdamedia</subfield>
    </datafield>
    <datafield tag="338" ind1=" " ind2=" ">
      <subfield code="a">Band</subfield>
      <subfield code="b">nc</subfield>
      <subfield code="2">rdacarrier</subfield>
    </datafield>
    <datafield tag="385" ind1=" " ind2=" ">
      <subfield code="a">Vorschulkind</subfield>
      <subfield code="0">https://d-nb.info/gnd/4064017-6</subfield>
      <subfield code="0">(DE-101)040640175</subfield>
      <subfield code="2">gnd</subfield>
    </datafield>
    <datafield tag="490" ind1="0" ind2=" ">
      <subfield code="a">Bilibrini - die kleinen Zweisprachigen</subfield>
    </datafield>
    <datafield tag="520" ind1=" " ind2=" ">
      <subfield code="a">Zielgruppe: Kinder ab 2 Jahren&lt;br&gt;Ein Besuch beim Zahnarzt ist spannend! Zoe und ihr Bruder bekommen viele Tipps zur richtigen Zahnpflege.&lt;br&gt;Beim Zahnarzt ist der 19. Band der Reihe bilibrini – die kleinen Zweisprachigen, der sich mit dem Themenbereich rund um Zahnarztbesuche beschäftigt. Das Buch ist ideal für den ersten Einstieg in eine weitere Sprache. Die Wort-Bild-Leiste auf jeder Seite greift einzelne Motive auf und fördert gezielt das Suchen, Finden und Benennen.</subfield>
    </datafield>
    <datafield tag="650" ind1=" " ind2=" ">
      <subfield code="a">Zahnpflege</subfield>
      <subfield code="2">bm</subfield>
      <subfield code="0">(CH-001989-8)9327</subfield>
    </datafield>
    <datafield tag="696" ind1=" " ind2=" ">
      <subfield code="a">Bilderbuch</subfield>
      <subfield code="0">(CH-001273-X)A81873</subfield>
    </datafield>
    <datafield tag="696" ind1=" " ind2=" ">
      <subfield code="a">Zweisprachig</subfield>
      <subfield code="0">(CH-001273-X)A246540</subfield>
      <subfield code="2">bm</subfield>
    </datafield>
    <datafield tag="700" ind1="1" ind2=" ">
      <subfield code="a">Faulhaber, Evelyn</subfield>
      <subfield code="d">1982-</subfield>
      <subfield code="e">Künstler</subfield>
      <subfield code="4">art</subfield>
      <subfield code="2">gnd</subfield>
      <subfield code="0">(DE-588)1231099828</subfield>
      <subfield code="0">https://d-nb.info/gnd/1231099828</subfield>
      <subfield code="0">(DE-101)1231099828</subfield>
    </datafield>
    <datafield tag="830" ind1=" " ind2="0">
      <subfield code="a">Bilibrini - die kleinen Zweisprachigen</subfield>
      <subfield code="0">(CH-001273-X)A214666</subfield>
    </datafield>
    <datafield tag="850" ind1=" " ind2=" ">
      <subfield code="a">DE-101a</subfield>
      <subfield code="a">DE-101b</subfield>
    </datafield>
    <datafield tag="859" ind1="4" ind2="2">
      <subfield code="m">X:MVB</subfield>
      <subfield code="q">text/html</subfield>
      <subfield code="u">http://deposit.dnb.de/cgi-bin/dokserv?id=52a86ebcdcb9477485155b41824c8df8&amp;prov=M&amp;dok_var=1&amp;dok_ext=htm</subfield>
      <subfield code="3">Inhaltstext</subfield>
    </datafield>
    <datafield tag="883" ind1="2" ind2=" ">
      <subfield code="a">dnb</subfield>
      <subfield code="d">20210412</subfield>
      <subfield code="q">DE-101</subfield>
      <subfield code="u">https://d-nb.info/provenance/plan#dnb</subfield>
      <subfield code="8">1\p</subfield>
    </datafield>
    <datafield tag="883" ind1="2" ind2=" ">
      <subfield code="a">dnb</subfield>
      <subfield code="d">20210412</subfield>
      <subfield code="q">DE-101</subfield>
      <subfield code="u">https://d-nb.info/provenance/plan#dnb</subfield>
      <subfield code="8">2\p</subfield>
    </datafield>
    <datafield tag="883" ind1="1" ind2=" ">
      <subfield code="a">adb</subfield>
      <subfield code="d">20201024</subfield>
      <subfield code="q">DE-101</subfield>
      <subfield code="u">https://d-nb.info/provenance/plan#adb</subfield>
      <subfield code="8">3\p</subfield>
    </datafield>
    <datafield tag="883" ind1="0" ind2=" ">
      <subfield code="a">aepgnd</subfield>
      <subfield code="c">0,05970</subfield>
      <subfield code="d">20210413</subfield>
      <subfield code="q">DE-101</subfield>
      <subfield code="u">https://d-nb.info/provenance/plan#aepgnd</subfield>
      <subfield code="8">4\p</subfield>
    </datafield>
    <datafield tag="883" ind1="0" ind2=" ">
      <subfield code="a">aepgnd</subfield>
      <subfield code="c">0,04671</subfield>
      <subfield code="d">20210413</subfield>
      <subfield code="q">DE-101</subfield>
      <subfield code="u">https://d-nb.info/provenance/plan#aepgnd</subfield>
      <subfield code="8">5\p</subfield>
    </datafield>
    <datafield tag="883" ind1="0" ind2=" ">
      <subfield code="a">aepgnd</subfield>
      <subfield code="c">0,04304</subfield>
      <subfield code="d">20210413</subfield>
      <subfield code="q">DE-101</subfield>
      <subfield code="u">https://d-nb.info/provenance/plan#aepgnd</subfield>
      <subfield code="8">6\p</subfield>
    </datafield>
    <datafield tag="883" ind1="0" ind2=" ">
      <subfield code="a">aepgnd</subfield>
      <subfield code="c">0,03374</subfield>
      <subfield code="d">20210413</subfield>
      <subfield code="q">DE-101</subfield>
      <subfield code="u">https://d-nb.info/provenance/plan#aepgnd</subfield>
      <subfield code="8">7\p</subfield>
    </datafield>
    <datafield tag="883" ind1="2" ind2=" ">
      <subfield code="a">dnb</subfield>
      <subfield code="d">20210415</subfield>
      <subfield code="q">DE-101</subfield>
      <subfield code="u">https://d-nb.info/provenance/plan#dnb</subfield>
      <subfield code="8">8\p</subfield>
    </datafield>
    <datafield tag="899" ind1=" " ind2=" ">
      <subfield code="n">987851</subfield>
      <subfield code="a">51b-gMBifEL</subfield>
      <subfield code="b">03</subfield>
      <subfield code="c">3197596005</subfield>
      <subfield code="d">.jpg</subfield>
    </datafield>
    <datafield tag="954" ind1=" " ind2=" ">
                 <subfield code="a">BCD105016425</subfield>
                 <subfield code="j">ZBS KJ BM/BÖSE</subfield>
                 <subfield code="9">LOCAL</subfield>
                 </datafield>
    <datafield tag="998" ind1=" " ind2=" ">
      <subfield code="1">MediaType1Code: 10</subfield>
      <subfield code="1">MediaType2Code: 34</subfield>
      <subfield code="1">AgeCode: 83</subfield>
      <subfield code="1">BibliomediaCollectionNr: S56997</subfield>
    </datafield>
  </record>