
  <record>
    <leader>00000nam a2200000 i 4500</leader>
    <controlfield tag="001">NN033775</controlfield>
    <controlfield tag="008">210330s2021||||||||||||||||||||||||tur|d</controlfield>
    <datafield tag="020" ind1=" " ind2=" ">
      <subfield code="a">9786052987650</subfield>
    </datafield>
    <datafield tag="039" ind1=" " ind2=" ">
      <subfield code="b">II</subfield>
      <subfield code="b">alcoda</subfield>
      <subfield code="b">alcoda2</subfield>
    </datafield>
    <datafield tag="041" ind1=" " ind2=" ">
      <subfield code="a">tur</subfield>
    </datafield>
    <datafield tag="100" ind1="1" ind2=" ">
      <subfield code="a">Günaydin Çinar, Sema </subfield>
      <subfield code="e">(Verfasser)</subfield>
      <subfield code="4">aut</subfield>
      <subfield code="0">(CH-001273-X)A225608</subfield>
    </datafield>
    <datafield tag="245" ind1="0" ind2="0">
      <subfield code="a">Plastik Ada /</subfield>
      <subfield code="c">Sema Günaydin Çinar</subfield>
    </datafield>
    <datafield tag="264" ind1=" " ind2="1">
      <subfield code="a">Istanbul :</subfield>
      <subfield code="b">Kirmizi Kedi Yayinevi,</subfield>
      <subfield code="c">2021</subfield>
    </datafield>
    <datafield tag="300" ind1=" " ind2=" ">
      <subfield code="a">32 Seiten :</subfield>
      <subfield code="b">Ill. ;</subfield>
      <subfield code="c">23 cm</subfield>
    </datafield>
    <datafield tag="336" ind1=" " ind2=" ">
      <subfield code="a">Text</subfield>
      <subfield code="b">txt</subfield>
      <subfield code="2">rdacontent</subfield>
      <subfield code="9">NetBiblio</subfield>
    </datafield>
    <datafield tag="337" ind1=" " ind2=" ">
      <subfield code="a">ohne Hilfsmittel zu benutzen</subfield>
      <subfield code="b">n</subfield>
      <subfield code="2">rdamedia</subfield>
      <subfield code="9">NetBiblio</subfield>
    </datafield>
    <datafield tag="338" ind1=" " ind2=" ">
      <subfield code="a">Band</subfield>
      <subfield code="b">nc</subfield>
      <subfield code="2">rdacarrier</subfield>
      <subfield code="9">NetBiblio</subfield>
    </datafield>
    <datafield tag="500" ind1=" " ind2=" ">
      <subfield code="a">Biblio2030</subfield>
    </datafield>
    <datafield tag="696" ind1=" " ind2=" ">
      <subfield code="a">Erstes Lesealter</subfield>
      <subfield code="2">bm</subfield>
      <subfield code="0">(CH-001273-X)A81881</subfield>
    </datafield>
    <datafield tag="696" ind1=" " ind2=" ">
      <subfield code="a">Umwelt</subfield>
      <subfield code="2">bm</subfield>
      <subfield code="0">(CH-001273-X)A82031</subfield>
    </datafield>
    <datafield tag="954" ind1=" " ind2=" ">
                 <subfield code="a">BCD104826953</subfield>
                 <subfield code="j">ZBS KJ BM/GÜNA</subfield>
                 <subfield code="9">LOCAL</subfield>
                 </datafield>
    <datafield tag="998" ind1=" " ind2=" ">
      <subfield code="1">MediaType1Code: 10</subfield>
      <subfield code="1">MediaType2Code: 30</subfield>
      <subfield code="1">AgeCode: 83</subfield>
      <subfield code="1">BibliomediaCollectionNr: S56997</subfield>
    </datafield>
  </record>