
  <record>
    <leader>00000nam a2200000 i 4500</leader>
    <controlfield tag="001">NN041314</controlfield>
    <controlfield tag="005">20200721095428.1</controlfield>
    <controlfield tag="007">tu</controlfield>
    <controlfield tag="008">200721s2021    xx            000 0 tur d</controlfield>
    <datafield tag="020" ind1=" " ind2=" ">
      <subfield code="a">9789753485418</subfield>
    </datafield>
    <datafield tag="039" ind1=" " ind2=" ">
      <subfield code="b">II</subfield>
      <subfield code="b">alcoda</subfield>
    </datafield>
    <datafield tag="040" ind1=" " ind2=" ">
      <subfield code="a">1520</subfield>
      <subfield code="b">ger</subfield>
      <subfield code="c">DE-Rt5</subfield>
      <subfield code="d">1520</subfield>
      <subfield code="d">Bibliomedia Solothurn (CH-001273-X)</subfield>
      <subfield code="e">rda</subfield>
    </datafield>
    <datafield tag="041" ind1=" " ind2=" ">
      <subfield code="a">tur</subfield>
      <subfield code="h">ita</subfield>
    </datafield>
    <datafield tag="044" ind1=" " ind2=" ">
      <subfield code="a">gw</subfield>
    </datafield>
    <datafield tag="100" ind1="1" ind2=" ">
      <subfield code="a">Silei, Fabrizio</subfield>
      <subfield code="e">Verfasser</subfield>
      <subfield code="0">(DE-588)1016566565</subfield>
      <subfield code="4">aut</subfield>
    </datafield>
    <datafield tag="240" ind1="1" ind2="0">
      <subfield code="a">Orcobello</subfield>
    </datafield>
    <datafield tag="245" ind1="0" ind2="0">
      <subfield code="a">Güzel ork /</subfield>
      <subfield code="c">Fabrizio Silei ; resimleyen Fabrizio di Baldo</subfield>
    </datafield>
    <datafield tag="264" ind1=" " ind2="1">
      <subfield code="a">Istanbul :</subfield>
      <subfield code="b">Çınar,</subfield>
      <subfield code="c">[2021]</subfield>
    </datafield>
    <datafield tag="300" ind1=" " ind2=" ">
      <subfield code="a">161 Seiten :</subfield>
      <subfield code="b">Ill. ;</subfield>
      <subfield code="c">23 cm</subfield>
    </datafield>
    <datafield tag="336" ind1=" " ind2=" ">
      <subfield code="a">Text</subfield>
      <subfield code="b">txt</subfield>
      <subfield code="2">rdacontent</subfield>
    </datafield>
    <datafield tag="337" ind1=" " ind2=" ">
      <subfield code="a">ohne Hilfsmittel zu benutzen</subfield>
      <subfield code="b">n</subfield>
      <subfield code="2">rdamedia</subfield>
    </datafield>
    <datafield tag="338" ind1=" " ind2=" ">
      <subfield code="a">Band</subfield>
      <subfield code="b">nc</subfield>
      <subfield code="2">rdacarrier</subfield>
    </datafield>
    <datafield tag="365" ind1=" " ind2=" ">
      <subfield code="b">19.30</subfield>
      <subfield code="c">CHF</subfield>
    </datafield>
    <datafield tag="385" ind1=" " ind2=" ">
      <subfield code="a">Kinder</subfield>
      <subfield code="b">a</subfield>
    </datafield>
    <datafield tag="696" ind1=" " ind2="7">
      <subfield code="a">Lustiges</subfield>
      <subfield code="2">sbd</subfield>
      <subfield code="0">(CH-001273-X)A81999</subfield>
    </datafield>
    <datafield tag="696" ind1=" " ind2="7">
      <subfield code="a">Familie</subfield>
      <subfield code="2">sbd</subfield>
      <subfield code="0">(CH-001273-X)A81884</subfield>
    </datafield>
    <datafield tag="696" ind1=" " ind2="7">
      <subfield code="a">Phantasie</subfield>
      <subfield code="2">sbd</subfield>
      <subfield code="0">(CH-001273-X)A82007</subfield>
    </datafield>
    <datafield tag="696" ind1=" " ind2=" ">
      <subfield code="a">Ausgrenzung</subfield>
      <subfield code="0">(CH-001273-X)A82015</subfield>
      <subfield code="2">bm</subfield>
    </datafield>
    <datafield tag="700" ind1="1" ind2=" ">
      <subfield code="a">Di Baldo, Fabrizio</subfield>
      <subfield code="e">Illustrator</subfield>
      <subfield code="4">ill</subfield>
      <subfield code="0">(DE-588)1230506187</subfield>
      <subfield code="2">gnd</subfield>
    </datafield>
    <datafield tag="899" ind1=" " ind2=" ">
      <subfield code="n">1002780</subfield>
      <subfield code="a">51T8i0RB6XL</subfield>
      <subfield code="b">03</subfield>
      <subfield code="c">9753485417</subfield>
      <subfield code="d">.jpg</subfield>
    </datafield>
    <datafield tag="904" ind1=" " ind2=" ">
      <subfield code="a">B</subfield>
      <subfield code="b">KB</subfield>
    </datafield>
    <datafield tag="904" ind1=" " ind2=" ">
      <subfield code="a">B</subfield>
      <subfield code="b">KB</subfield>
    </datafield>
    <datafield tag="910" ind1=" " ind2=" ">
      <subfield code="a">5862739</subfield>
    </datafield>
    <datafield tag="910" ind1=" " ind2=" ">
      <subfield code="a">5862739</subfield>
    </datafield>
    <datafield tag="945" ind1="p" ind2="i">
      <subfield code="a">202018</subfield>
    </datafield>
    <datafield tag="945" ind1="p" ind2="i">
      <subfield code="a">202018</subfield>
    </datafield>
    <datafield tag="946" ind1="s" ind2="5">
      <subfield code="h">202004</subfield>
    </datafield>
    <datafield tag="946" ind1="s" ind2="5">
      <subfield code="h">202004</subfield>
    </datafield>
    <datafield tag="949" ind1=" " ind2=" ">
      <subfield code="a">Lesespass</subfield>
      <subfield code="b">LUSTIGES</subfield>
    </datafield>
    <datafield tag="949" ind1=" " ind2=" ">
      <subfield code="a">Lesespass</subfield>
      <subfield code="b">LUSTIGES</subfield>
    </datafield>
    <datafield tag="954" ind1=" " ind2=" ">
                 <subfield code="a">BCD105019970</subfield>
                 <subfield code="j">ZBS KJ BM/SILE</subfield>
                 <subfield code="9">LOCAL</subfield>
                 </datafield>
    <datafield tag="998" ind1=" " ind2=" ">
      <subfield code="1">MediaType1Code: 10</subfield>
      <subfield code="1">MediaType2Code: 30</subfield>
      <subfield code="1">AgeCode: 83</subfield>
      <subfield code="1">BibliomediaCollectionNr: S56997</subfield>
    </datafield>
  </record>