
  <record>
    <leader>00000nam a2200000 i 4500</leader>
    <controlfield tag="001">NN029118</controlfield>
    <controlfield tag="008">201015s2020||||||||||||||||||||||||tur|d</controlfield>
    <datafield tag="020" ind1=" " ind2=" ">
      <subfield code="a">9786257070225</subfield>
    </datafield>
    <datafield tag="039" ind1=" " ind2=" ">
      <subfield code="b">II</subfield>
      <subfield code="b">alcoda</subfield>
    </datafield>
    <datafield tag="041" ind1=" " ind2=" ">
      <subfield code="a">tur</subfield>
      <subfield code="h">eng</subfield>
    </datafield>
    <datafield tag="100" ind1="1" ind2=" ">
      <subfield code="a">Layton, Neal</subfield>
      <subfield code="d">1971-</subfield>
      <subfield code="e">(Verfasser)</subfield>
      <subfield code="4">aut</subfield>
      <subfield code="0">(DE-588)121301532</subfield>
      <subfield code="2">gnd</subfield>
    </datafield>
    <datafield tag="240" ind1=" " ind2="4">
      <subfield code="a">The invincible Tony Spears and the brilliant blob</subfield>
    </datafield>
    <datafield tag="245" ind1="0" ind2="0">
      <subfield code="a">Yenilmez Tony  ve parlak baloncuk /</subfield>
      <subfield code="c">Neal Layton</subfield>
    </datafield>
    <datafield tag="264" ind1=" " ind2="1">
      <subfield code="a">Istanbul :</subfield>
      <subfield code="b">Türkiye is Bankasi Kültür Yayinlari,</subfield>
      <subfield code="c">2020</subfield>
    </datafield>
    <datafield tag="300" ind1=" " ind2=" ">
      <subfield code="a">220 Seiten :</subfield>
      <subfield code="b">Ill. ;</subfield>
      <subfield code="c">20 cm</subfield>
    </datafield>
    <datafield tag="336" ind1=" " ind2=" ">
      <subfield code="a">Text</subfield>
      <subfield code="b">txt</subfield>
      <subfield code="2">rdacontent</subfield>
      <subfield code="9">NetBiblio</subfield>
    </datafield>
    <datafield tag="337" ind1=" " ind2=" ">
      <subfield code="a">ohne Hilfsmittel zu benutzen</subfield>
      <subfield code="b">n</subfield>
      <subfield code="2">rdamedia</subfield>
      <subfield code="9">NetBiblio</subfield>
    </datafield>
    <datafield tag="338" ind1=" " ind2=" ">
      <subfield code="a">Band</subfield>
      <subfield code="b">nc</subfield>
      <subfield code="2">rdacarrier</subfield>
      <subfield code="9">NetBiblio</subfield>
    </datafield>
    <datafield tag="696" ind1=" " ind2=" ">
      <subfield code="a">Abenteuer</subfield>
      <subfield code="0">(CH-001273-X)A81858</subfield>
      <subfield code="2">bm</subfield>
    </datafield>
    <datafield tag="696" ind1=" " ind2=" ">
      <subfield code="a">Grossbuchstaben</subfield>
      <subfield code="0">(CH-001273-X)A82064</subfield>
      <subfield code="2">bm</subfield>
    </datafield>
    <datafield tag="954" ind1=" " ind2=" ">
                 <subfield code="a">BCD104719410</subfield>
                 <subfield code="j">ZBS KJ BM/LAYT</subfield>
                 <subfield code="9">LOCAL</subfield>
                 </datafield>
    <datafield tag="998" ind1=" " ind2=" ">
      <subfield code="1">MediaType1Code: 10</subfield>
      <subfield code="1">MediaType2Code: 30</subfield>
      <subfield code="1">AgeCode: 83</subfield>
      <subfield code="1">BibliomediaCollectionNr: S56997</subfield>
    </datafield>
  </record>